2756 4512
611 33 842 118 L1ae1t
897 35 958 118 V..

746 222 809 290 vll.

318 330 457 420 Qranao
470 347 568 400 autem
582 353 666 420 aeque
678 337 761 400 multi
785 338 896 413 licium,
913 334 1065 416 multiplex
1077 333 1185 416 quiden

197 439 202 448 ¹
280 431 341 478 mae
356 419 537 498 superaverit
549 419 743 500 multiplicem
757 355 902 495 secundae,
922 416 1184 498 multiplexuerot

193 523 195 526 ·
280 511 349 558 non
367 500 546 578 superaverit
560 499 753 580 multiplicem
767 514 890 582 quartae,
909 511 980 558 tunc
999 501 1092 580 prima
1111 497 1146 557 ad
1166 493 1185 554 st

280 577 353 640 dam
373 579 515 661 majorem
536 579 769 664 proportionem
780 581 886 657 nabere
905 581 1012 643 dicitur
1025 593 1113 658 quam
1128 591 1184 637 tert

195 723 198 729 ,
283 671 432 738 quartam.

703 742 708 750 '
743 739 832 814 Vllt„
940 777 944 790 ·

327 850 474 938 Analogia
489 855 530 920 est
545 819 955 939 proportionumfimilitudo.

534 1061 536 1067 ,
743 997 808 1064 -ΙΧ.
1086 1063 1088 1069 ,

285 1197 289 1205 ,
329 1109 475 1196 Analogia
490 1131 566 1178 vero
577 1113 714 1176 ionibus
726 1112 859 1174 terminia
874 1110 1079 1174 adiminimum
1093 1103 1181 1170 consil

697 1244 699 1258 ¹
757 1257 806 1324 xX.

219 1405 224 1420 ι
327 1366 464 1451 Quando
477 1321 535 1434 tres
554 1373 770 1459 magnitudines
785 1369 1022 1456 proportionales
1037 1365 1113 1444 sunt,
1132 1366 1180 1459 pri:

286 1453 420 1529 tertiam,
442 1453 619 1535 duplicatam
633 1456 858 1538 proportionem
873 1454 978 1514 habere
992 1453 1176 1529 diceturque

288 1527 381 1592 habet
395 1534 433 1594 ad
449 1533 616 1637 secundam.
761 1611 806 1676 XI

332 1717 471 1804 Quando
484 1735 582 1784 autem
594 1736 717 1805 quatuor
730 1723 944 1806 magnitudines
956 1721 1019 1784 sunt
1032 1720 1178 1802 proportic

293 1799 394 1879 prima
408 1801 445 1862 ad
458 1817 601 1884 quartam,
620 1804 792 1884 triplicatam
807 1805 913 1866 habere
929 1803 1152 1884 proportionem
1165 1819 1177 1862 c

204 1885 207 1888 “
224 1899 226 1908 ·
293 1878 358 1958 ejus
370 1887 460 1962 quain
472 1884 559 1944 habet
572 1885 607 1948 ad
621 1884 787 1962 secundam,
805 1887 840 1952 dc
855 1885 965 1968 semper
978 1886 1129 1966 deinceps,
1147 1899 1177 1943 ur

291 1960 386 2042 plius,
406 1965 504 2045 quoad
516 1968 647 2049 analogia
661 1967 837 2050 processerit.
916 2025 919 2033 ,

754 2111 824 2190 xu.

337 2217 545 2305 Homologa,
558 2226 607 2288 -vel
629 2225 727 2288 similia
750 2227 870 2290 rationis
890 2226 1116 2306 magnitudines,
1142 2223 1176 2285 di

297 2304 512 2364 antecedentes
537 2309 656 2385 quidem
683 2307 934 2386 antecedentibus,
966 2305 1175 2392 consequentes

298 2383 559 2478 consequentibus.
746 2465 834 2533 xm,

343 2575 467 2638 Alterna
486 2573 533 2639 seu
547 2591 708 2660 permutata
725 2581 800 2640 tario
820 2577 861 2644 est
882 2577 1008 2720 sumptio
1026 2573 1174 2644 antecedet

291 2660 544 2736 ..antecedentem²
561 2659 594 2722 &
606 2660 811 2742 consequentis
822 2660 858 2722 ad
873 2675 932 2722 con
945 2673 1112 2741 equemem.

751 2801 840 2894 >uu¹
915 2789 925 2814 '
996 2865 1003 2884 ,

346 2913 463 2997 loversa
484 2917 557 2976 ratio
573 2914 622 2986 est
640 2913 1000 2998 sumptio'consequentis·
1020 2923 1051 2992 ut
1073 2922 1173 2982 antece

305 2997 342 3058 ad
355 2998 593 3084 antecedentem,
612 3011 644 3056 ut
658 2998 693 3060 ad
707 2997 947 3086 consequentem.

761 3141 832 3212 XV.

193 3327 196 3336 ,
350 3250 536 3331 Compofitio
559 3254 678 3314 rationis
700 3253 746 3322 est·
764 3253 891 3336 sumptio
913 3252 1114 3318 antecedentis
1135 3269 1172 3312 un

307 3332 520 3415 consequente,
540 3349 675 3445 tqnquam
687 3335 786 3414 nnius,
805 3341 841 3398 ad
855 3336 944 3420 ipsam
959 3336 1172 3417 consequenter

758 3479 843 3550 XVI.

352 3585 469 3656 Divisio
477 3587 599 3649 rationis
610 3587 650 3650 est
664 3587 790 3672 sumptio
803 3569 929 3655 excausa
940 3605 1003 3671 quo
1014 3579 1171 3650 antecedet

307 3685 356 3740 rat
370 3667 611 3751 consequentem,
629 3671 664 3734 ad
675 3670 764 3754 ipsam
779 3667 1024 3757 consequentem«.
1083 3713 1089 3737 t

841 3783 911 3872 0³
